<?xml version="1.0" encoding="utf-8"?>
<record xmlns="http://www.loc.gov/MARC21/slim" xmlns:xsi="http://www.w3.org/2001/XMLSchema-instance" xsi:schemaLocation="http://www.loc.gov/MARC21/slim http://www.loc.gov/standards/marcxml/schema/MARC21slim.xsd">
	<leader>     nam a22     Mi 4500</leader>
	<controlfield tag="001">2841338</controlfield>
	<controlfield tag="003">NjP</controlfield>
	<controlfield tag="006">m        d        </controlfield>
	<controlfield tag="007">cr cn |||m|||a</controlfield>
	<controlfield tag="008">190124s1897    mr      o     000 0 ara d</controlfield>
	<datafield ind1=" " ind2=" " tag="040">
		<subfield code="a">ZYU</subfield>
		<subfield code="b">ara</subfield>
		<subfield code="e">rda</subfield>
		<subfield code="c">ZYU</subfield>
	</datafield>
	<datafield ind1="1" ind2=" " tag="100">
		<subfield code="a">ʻImrānī, Muḥammad al-Mahdī ibn Muḥammad,</subfield>
		<subfield code="d">1850-1923.</subfield>
	</datafield>
	<datafield ind1="1" ind2="0" tag="240">
		<subfield code="a">Ḥāshiyah ʻalá Sharḥ al-Tāwudī ʻalá Lāmīyat al-Zaqqāq</subfield>
	</datafield>
	<datafield ind1="1" ind2="0" tag="245">
		<subfield code="a">Ḥāshiyat al-faqīh al-ʻālim al-mudarris al-mushārik Abī ʻAbd Allāh Sayyidī Muḥammad al-Mahdī ibn Muḥammad ibn al-Khiḍr al-Wazzānī al-Sharīf al-ʻImrānī ʻalá Sharḥ al-Imām ḥujjat al-Islām ... Abī ʻAbd Allāh Muḥammad al-Tāwudī ibn Sūdah ʻalá Lāmīyat al-Imām al-ʻallāmah al-shahīr Abī al-Ḥasan ʻAlī al-Zaqqāq.</subfield>
	</datafield>
	<datafield ind1=" " ind2=" " tag="260">
		<subfield code="a">[Morocco] :</subfield>
		<subfield code="b">[publisher not identified],</subfield>
		<subfield code="c">1315 [1897]</subfield>
	</datafield>
	<datafield ind1=" " ind2=" " tag="300">
		<subfield code="a">online resource (2 volumes in 1)</subfield>
	</datafield>
	<datafield ind1=" " ind2=" " tag="336">
		<subfield code="a">text</subfield>
		<subfield code="2">rdacontent</subfield>
	</datafield>
	<datafield ind1=" " ind2=" " tag="337">
		<subfield code="a">computer</subfield>
		<subfield code="2">rdamedia</subfield>
	</datafield>
	<datafield ind1=" " ind2=" " tag="338">
		<subfield code="a">online resource</subfield>
		<subfield code="2">rdacarrier</subfield>
	</datafield>
	<datafield ind1=" " ind2=" " tag="500">
		<subfield code="a">Part of the Arabic Collections Online (ACO) project, contributed by Princeton University Libraries.</subfield>
	</datafield>
	<datafield ind1=" " ind2=" " tag="533">
		<subfield code="a">Electronic reproduction.</subfield>
		<subfield code="b">New York, N.Y. :</subfield>
		<subfield code="c">New York University,</subfield>
		<subfield code="d">2019.</subfield>
		<subfield code="5">NNU</subfield>
	</datafield>
	<datafield ind1="1" ind2="0" tag="600">
		<subfield code="a">Tāwudī, Muḥammad,</subfield>
		<subfield code="d">1699 or 1700-1795.</subfield>
		<subfield code="t">Sharḥ Lāmīyat al-Zaqqāq.</subfield>
	</datafield>
	<datafield ind1="1" ind2="0" tag="600">
		<subfield code="a">Zaqqāq, ʻAlī ibn Qāsim,</subfield>
		<subfield code="d">-1506 ot 7.</subfield>
		<subfield code="t">Lāmīyah.</subfield>
	</datafield>
	<datafield ind1="0" ind2="7" tag="630">
		<subfield code="a">Lāmīyah (Zaqqāq, ʻAlī ibn Qāsim)</subfield>
		<subfield code="2">fast</subfield>
		<subfield code="0">(OCoLC)fst01378017</subfield>
	</datafield>
	<datafield ind1=" " ind2="0" tag="650">
		<subfield code="a">Islamic law</subfield>
		<subfield code="x">Interpretation and construction.</subfield>
	</datafield>
	<datafield ind1=" " ind2="0" tag="650">
		<subfield code="a">Malikites.</subfield>
	</datafield>
	<datafield ind1=" " ind2="7" tag="650">
		<subfield code="a">Islamic law</subfield>
		<subfield code="x">Interpretation and construction.</subfield>
		<subfield code="2">fast</subfield>
		<subfield code="0">(OCoLC)fst00979955</subfield>
	</datafield>
	<datafield ind1=" " ind2="7" tag="650">
		<subfield code="a">Malikites.</subfield>
		<subfield code="2">fast</subfield>
		<subfield code="0">(OCoLC)fst01006724</subfield>
	</datafield>
	<datafield ind1=" " ind2="7" tag="655">
		<subfield code="a">Lithographs</subfield>
		<subfield code="z">Morocco</subfield>
		<subfield code="y">1897.</subfield>
		<subfield code="2">gmgpc</subfield>
	</datafield>
	<datafield ind1="1" ind2="2" tag="700">
		<subfield code="a">Tāwudī, Muḥammad,</subfield>
		<subfield code="d">1699 or 1700-1795.</subfield>
		<subfield code="t">Sharḥ Lāmīyat al-Zaqqāq.</subfield>
	</datafield>
	<datafield ind1="2" ind2=" " tag="710">
		<subfield code="a">Princeton University.</subfield>
		<subfield code="b">Library.</subfield>
	</datafield>
	<datafield ind1="0" ind2=" " tag="730">
		<subfield code="a">Arabic Collections Online.</subfield>
	</datafield>
	<datafield ind1="0" ind2=" " tag="740">
		<subfield code="a">Sharḥ Lāmiyat al-Zaqqāq.</subfield>
	</datafield>
	<datafield ind1="0" ind2="8" tag="776">
		<subfield code="i">Online version:</subfield>
		<subfield code="a">ʻImrānī, Muḥammad al-Mahdī ibn Muḥammad, 1850-1923.</subfield>
		<subfield code="s">Ḥāshiyah ʻalá Sharḥ al-Tāwudī ʻalá Lāmīyat al-Zaqqāq.</subfield>
		<subfield code="t">Ḥāshiyat al-faqīh al-ʻālim al-mudarris al-mushārik Abī ʻAbd Allāh Sayyidī Muḥammad al-Mahdī ibn Muḥammad ibn al-Khiḍr al-Wazzānī al-Sharīf al-ʻImrānī ʻalá Sharḥ al-Imām ḥujjat al-Islām ... Abī ʻAbd Allāh Muḥammad al-Tāwudī ibn Sūdah ʻalá Lāmīyat al-Imām al-ʻallāmah al-shahīr Abī al-Ḥasan ʻAlī al-Zaqqāq.</subfield>
		<subfield code="d">[Morocco : s.n.], 1315 [1897]</subfield>
		<subfield code="w">(OCoLC)663413992</subfield>
	</datafield>
	<datafield ind1="0" ind2="8" tag="776">
		<subfield code="i">Print version:</subfield>
		<subfield code="a">ʻImrānī, Muḥammad al-Mahdī ibn Muḥammad, 1850-1923.</subfield>
		<subfield code="t">Ḥāshiyat al-faqīh al-ʻālim al-mudarris al-mushārik Abī ʻAbd Allāh Sayyidī Muḥammad al-Mahdī ibn Muḥammad ibn al-Khiḍr al-Wazzānī al-Sharīf al-ʻImrānī ʻalá Sharḥ al-Imām ḥujjat al-Islām ... Abī ʻAbd Allāh Muḥammad al-Tāwudī ibn Sūdah ʻalá Lāmīyat al-Imām al-ʻallāmah al-shahīr Abī al-Ḥasan ʻAlī al-Zaqqāq</subfield>
		<subfield code="w">(NjP)2841338</subfield>
		<subfield code="w">(OCoLC)83430942</subfield>
	</datafield>
	<datafield ind1="4" ind2="0" tag="856">
		<subfield code="u">http://hdl.handle.net/2333.1/000006ss</subfield>
	</datafield>
	<datafield ind1=" " ind2=" " tag="959">
		<subfield code="a">NNU</subfield>
		<subfield code="b">WEB</subfield>
		<subfield code="c">GENI</subfield>
		<subfield code="t">0</subfield>
		<subfield code="m">Electronic access</subfield>
		<subfield code="s">01</subfield>
	</datafield>
	<datafield ind1=" " ind2=" " tag="999">
		<subfield code="i">NjP_2841338</subfield>
		<subfield code="o">(OCoLC)ocm83430942 </subfield>
		<subfield code="s">princeton_aco001850</subfield>
		<subfield code="e">(ERROR-880)(ERROR-MISC)</subfield>
	</datafield>
</record>
